@misc{russell2018automatedvulnerabilitydetectionsource,
      title={Automated Vulnerability Detection in Source Code Using Deep Representation Learning}, 
      author={Rebecca L. Russell and Louis Kim and Lei H. Hamilton and Tomo Lazovich and Jacob A. Harer and Onur Ozdemir and Paul M. Ellingwood and Marc W. McConley},
      year={2018},
      eprint={1807.04320},
      archivePrefix={arXiv},
      primaryClass={cs.LG},
      url={https://arxiv.org/abs/1807.04320}, 
}

@inproceedings{bhandari2021:cvefixes,
    title = {{CVEfixes: Automated Collection of Vulnerabilities and Their Fixes from Open-Source Software}},
    booktitle = {{Proceedings of the 17th International Conference on Predictive Models and Data Analytics in Software Engineering (PROMISE '21)}},
    author = {Bhandari, Guru and Naseer, Amara and Moonen, Leon},
    year = {2021},
    pages = {10},
    publisher = {{ACM}},
    doi = {10.1145/3475960.3475985},
    copyright = {Open Access},
    isbn = {978-1-4503-8680-7},
    language = {en}
}

@misc{209211,
  author = {Paul Black},
  title = {SARD: A Software Assurance Reference Dataset},
  year = {1970},
  publisher = {Cybersecurity Innovation Forum},
  language = {en},
}

@misc{Ykartal2024,
  author = {Ykartal},
  title = {Automated-Vulnerability-Detection},
  year = {2024},
  publisher = {GitHub},
  journal = {GitHub repository},
  howpublished = {\url{https://github.com/ykartal/Automated-Vulnerability-Detection}}
}

@misc{cwe,
    title = {Common Weakness Enumeration (CWE)},
    author = {{The MITRE Corporation}},
    year = {2024},
    howpublished = {\url{https://cwe.mitre.org}},
    note = {Accessed: 2024-07-03}
}

@misc{cve,
    title = {Common Vulnerabilities and Exposures (CVE)},
    author = {{The MITRE Corporation}},
    year = {2024},
    howpublished = {\url{https://cve.mitre.org}},
    note = {Accessed: 2024-07-03}
}